

@ARTICLE{ARTICLE:1,
    AUTHOR="John Doe",
    TITLE="Title",
    JOURNAL="Journal",
    YEAR="2017",
}

@BOOK{BOOK:1,
    AUTHOR="John Doe",
    TITLE="The Book without Title",
    PUBLISHER="Dummy Publisher",
    YEAR="2100",
}

@INBOOK{BOOK:2,
    AUTHOR="John Doe",
    TITLE="The Book without Title",
    PUBLISHER="Dummy Publisher",
    YEAR="2100",
    PAGES="100-200",
}

@online{1_nota_web_kicad_cern,
author = {Antonella Del Rosso},
title = {KiCad software gets the CERN treatment},
year = {2015},
url = {https://home.cern/news/news/computing/kicad-software-gets-cern-treatment},
}





@MANUAL{dallas:ds18b20,
    organization  = "Dallas Semiconductor",
    title         = "DS18B20 Programmable Resolution 1-Wire Digital Thermometer",
    number        = "050400",
    year          =  2015,
    note          = "Rev. 3"
}

@book{IEEE:citation,
	author={IEEE},
	title={IEEE Citation Reference},
	edition={1},
	url={http://www.ieee.org/documents/ieeecitationref.pdf},
	urldate={2016-9-26},
	publisher={IEEE Publications},
	year={2016}
}


@misc{web_oshwa,
	author = {OSH},
	title = {Open Source Hardware Association},
	url = {https://www.oshwa.org/definition/spanish/},
	note = {Visitado el 15-03-2022},
}



@misc{web_esp,
	author = {ESP},
	title = {Espressif},
	url = {https://www.espressif.com/},
	note = {Visitado el 23-03-2022},
}


@misc{web_firmware_tecsci,
	author = {Martin Abel Gambarotta},
	title = {Firmware},
	url = {https://gitlab.com/tecsci/dipcoater},
	note = {Visitado el 15-03-2022},
}

@misc{web_perfiles_net,
	author = {Perfiles de aluminio},
	title = {.Net},
	url = {https://perfilesdealuminio.net/},
	note = {Visitado el 22-03-2022},
}

@misc{web_hardware_tecsci,
	author = {Martin Abel Gambarotta},
	title = {Hardware},
	url = {https://github.com/martinch14/tecsci_dipcoater_hardware_kicad},
	note = {Visitado el 15-03-2022},
}

@misc{web_stone,
	author = {Stoneitech},
	title = {HMI Stone Display},
	url = {https://www.stoneitech.com/},
	
}

@misc{web_bobcad,
	author = {Bobcad},
	title = {Bobcad CAD/CAM},
	url = {https://bobcad.com/},
	
}

@misc{web_fagor,
	author = {Fagor},
	title = {Fagor Automation},
	url = {https://www.fagorautomation.com/},
	
}

@misc{web_gcode,
	author = {Norma RS-274},
	title = {G-Code},
	url = {https://tsapps.nist.gov/publication/get_pdf.cfm?pub_id=823374},
	
}


@misc{web_kicad,
	author = {Kicad},
	title = {Open Source Electronics Design},
	url = {https://www.kicad.org/},
	
}

@misc{web_igus,
	author = {Igus},
	title = {Plastics for longer life},
	url = {https://www.igus.com.ar/},
	
}


@misc{1_web_biolin,
	author = {Biolin Scientific},
	title = {Dip coater},
	url = {https://www.biolinscientific.com/ksvnima/fabrication-and-deposition-of-thin-films/dip-coaters},
	note = {Visitado el 04-01-2022},
}

@misc{2_web_kibron,
	author = {Kibron},
	title = {Dip coater},
	url = {https://www.kibron.com/layerx-134},
	note = {Visitado el 04-01-2022},
}

@misc{3_web_trinamic,
	author = {Trinamic},
	title = {Motion Control},
	url = {https://www.trinamic.com/},
}

@misc{3_web_trinamic_producto,
	author = {Trinamic Motion Control},
	title = {TMC5130},
	url = {https://www.trinamic.com/products/integrated-circuits/details/tmc5130a-ta/},
}



@misc{4_web_ossila,
	author = {Ossila},
	title = {Dip coater machine},
	url = {https://www.ossila.com/products/dip-coater},
	note = {Visitado el 08-03-2022},
}


@misc{5_web_holmarc,
	author = {Holmarc},
	title = {Dip coater machine},
	url = {https://www.holmarc.com/dip_coating_unit.php},
	note = {Visitado el 10-03-2022},
}

@misc{6_web_bungard,
	author = {Bungard},
	title = {Dip coater machine},
	url = {https://www.bungard.de/en/machines/dip-coaters/rdc-15},
	note = {Visitado el 15-03-2022},
}



@article{paper_galo,
author = {Faustini, Marco and Louis, Benjamin and Albouy, Pierre A. and Kuemmel, Monika and Grosso, David},
title = {Preparation of Sol-Gel Films by Dip-Coating in Extreme Conditions},
journal = {J. Phys. Chem. C},
volume = {114},
number = {17},
pages = {7637-7645},
year = {2010},
doi = {10.1021/jp9114755},
URL = { https://doi.org/10.1021/jp9114755 },
}


@MISC{lpcopen,
   author =	{{NXP Semiconductors}},
   title =	{LPCOPEN v2.16 Drivers, Middleware and Examples},
   url =	{http://www.nxp.com/products/microcontrollers-and-processors/arm-processors/lpc-cortex-m-mcus/software-tools/lpcopen-libraries-and-examples:LPC-OPEN-LIBRARIES},
   note =	{Disponible: 2016-06-25},
 }
 

@misc{rfc2616,
	series =	{Request for Comments},
	number=		2616,
	howpublished=	{RFC 2616},
	publisher =	{RFC Editor},
	doi =		{10.17487/rfc2616},
	url =		{https://rfc-editor.org/rfc/rfc2616.txt},
	author=		{Jeffrey Mogul and Larry M Masinter and Roy T. Fielding and Jim Gettys and Paul J. Leach and Tim Berners-Lee},
	title=		{{Hypertext Transfer Protocol -- HTTP/1.1}},
	pagetotal =	176,
	year =		2013,
	month =		3,
	day =		2,
	abstract =	{HTTP has been in use by the World-Wide Web global information initiative since 1990. This specification defines the protocol referred to as &quot;HTTP/1.1&quot;, and is an update to RFC 2068. [STANDARDS-TRACK]},
}

@misc{rfc3875,
	series =	{Request for Comments},
	number=		3875,
	howpublished=	{RFC 3875},
	publisher =	{RFC Editor},
	doi =		{10.17487/rfc3875},
	url =		{https://rfc-editor.org/rfc/rfc3875.txt},
	author=		{David Robinson},
	title=		{{The Common Gateway Interface (CGI) Version 1.1}},
	pagetotal =	36,
	year =		2013,
	month =		mar,
	day =		20,
	abstract =	{The Common Gateway Interface (CGI) is a simple interface for running external programs, software or gateways under an information server in a platform-independent manner. Currently, the supported information servers are HTTP servers.},
}

@misc{rfc7540,
	series =	{Request for Comments},
	number=		7540,
	howpublished=	{RFC 7540},
	publisher =	{RFC Editor},
	doi =		{10.17487/rfc7540},
	url =		{https://rfc-editor.org/rfc/rfc7540.txt},
	author=		{Mike Belshe and Roberto Peon and Martin Thomson},
	title=		{{Hypertext Transfer Protocol Version 2 (HTTP/2)}},
	pagetotal =	96,
	year =		2015,
	month =		nov,
	day =		18,
	abstract =	{This specification describes an optimized expression of the semantics of the Hypertext Transfer Protocol (HTTP), referred to as HTTP version 2 (HTTP/2). HTTP/2 enables a more efficient use of network resources and a reduced perception of latency by introducing header field compression and allowing multiple concurrent exchanges on the same connection. It also introduces unsolicited push of representations from servers to clients.},
}






